@book{Cuadras,
    author = {Cuadras, Carlos María},
    address = {Barcelona},
    booktitle = {Métodos de análisis multivariante},
    edition = {2a ed.},
    isbn = {8476657714},
    language = {spa},
    publisher = {PPU},
    series = {Estadística y análisis de datos ; 6},
    title = {Métodos de análisis multivariante },
    year = {1991},
}

@book{Mardia,
  title={Multivariate Analysis},
  author={Mardia, K.V. and Kent, J.T. and Bibby, J.M.},
  isbn={9780124712508},
  lccn={lc79040922},
  series={Probability and Mathematical Statistics : a series of monographs and textbooks},
  url={https://books.google.es/books?id=bxjvAAAAMAAJ},
  year={1979},
  publisher={Academic Press}
}

@MISC{Gallardo,
author = {Gallardo, José Ángel},
title = {Ampliación de Análisis de Datos Multivariantes},
howpublished = "\url{https://www.ugr.es/~gallardo/pdf/cluster-3.pdf}"
}

@MISC{Ruiz,
author = {Ruíz Galacho, Cristóbal},
title = {Tema 6 Análisis Factorial},
}

@MISC{Kaggle,
    title = "Recursos online de bases de datos",
    howpublished  = "\url{https://www.kaggle.com/datasets}"
}

@MISC{Vera,
author = {Vera Vera, José Fernando},
title = {Tema 1: Análisis de datos de proximidad},
}
